@article{vanhoutenQuantumPointContacts1996,
  title = {Quantum {{Point Contacts}}},
  author = {{van Houten}, Henk and Beenakker, Carlo},
  year = {1996},
  month = jul,
  journal = {Physics Today},
  volume = {49},
  number = {7},
  pages = {22--27},
  issn = {0031-9228},
  doi = {10.1063/1.881503},
  urldate = {2025-04-10}
}

@article{fieldMeasurementsCoulombBlockade1993,
  title = {Measurements of {{Coulomb}} Blockade with a Noninvasive Voltage Probe},
  author = {Field, M. and Smith, C. G. and Pepper, M. and Ritchie, D. A. and Frost, J. E. F. and Jones, G. A. C. and Hasko, D. G.},
  year = {1993},
  month = mar,
  journal = {Physical Review Letters},
  volume = {70},
  number = {9},
  pages = {1311--1314},
  issn = {0031-9007},
  doi = {10.1103/PhysRevLett.70.1311},
  urldate = {2025-04-10},
  copyright = {http://link.aps.org/licenses/aps-default-license},
  langid = {english},
}

@article{wharamTransportQuantisation1988,
  title = {One-Dimensional Transport and the Quantization of the Ballistic Resistance},
  author = {Wharam, D. A. and Thornton, T. J. and Newbury, R. and Pepper, M. and Ahmed, H. and Frost, J. E. F. and Hasko, D. G. and Peacock, D. C. and Ritchie, D. A. and Jones, G. A. C.},
  year = {1988},
  month = mar,
  journal = {Journal of Physics C: Solid State Physics},
  volume = {21},
  number = {8},
  pages = {L209},
  issn = {0022-3719},
  doi = {10.1088/0022-3719/21/8/002},
  urldate = {2025-04-10},
}

@article{vanweesQuantizedConductancePoint1988,
  title = {Quantized Conductance of Point Contacts in a Two-Dimensional Electron Gas},
  author = {Van Wees, B. J. and Van Houten, H. and Beenakker, C. W. J. and Williamson, J. G. and Kouwenhoven, L. P. and Van Der Marel, D. and Foxon, C. T.},
  year = {1988},
  month = feb,
  journal = {Physical Review Letters},
  volume = {60},
  number = {9},
  pages = {848--850},
  issn = {0031-9007},
  doi = {10.1103/PhysRevLett.60.848},
  urldate = {2025-04-10},
  copyright = {http://link.aps.org/licenses/aps-default-license},
  langid = {english},
}

@article{tekmanTheoreticalStudyTransport1991,
  title = {Theoretical Study of Transport through a Quantum Point Contact},
  author = {Tekman, E. and Ciraci, S.},
  year = {1991},
  month = mar,
  journal = {Physical Review B},
  volume = {43},
  number = {9},
  pages = {7145--7169},
  publisher = {American Physical Society},
  doi = {10.1103/PhysRevB.43.7145},
  urldate = {2025-04-10},
}

@article{gurvitzMicroscopicDerivationRate1996a,
  title = {Microscopic Derivation of Rate Equations for Quantum Transport},
  author = {Gurvitz, S. A. and Prager, {\relax Ya}. S.},
  year = {1996},
  month = jun,
  journal = {Physical Review B},
  volume = {53},
  number = {23},
  pages = {15932--15943},
  issn = {0163-1829, 1095-3795},
  doi = {10.1103/PhysRevB.53.15932},
  urldate = {2025-04-10},
  copyright = {http://link.aps.org/licenses/aps-default-license},
  langid = {english},
}

@article{gurvitzNoninvasiveDetector1997a,
  title = {Measurements with a Noninvasive Detector and Dephasing Mechanism},
  author = {Gurvitz, S. A.},
  year = {1997},
  month = dec,
  journal = {Physical Review B},
  volume = {56},
  number = {23},
  pages = {15215--15223},
  publisher = {American Physical Society},
  doi = {10.1103/PhysRevB.56.15215},
  urldate = {2025-04-10},
}

@article{korotkovSelectiveQuantumEvolution2001,
  title = {Selective Quantum Evolution of a Qubit State Due to Continuous Measurement},
  author = {Korotkov, Alexander N.},
  year = {2001},
  month = feb,
  journal = {Physical Review B},
  volume = {63},
  number = {11},
  pages = {115403},
  publisher = {American Physical Society},
  doi = {10.1103/PhysRevB.63.115403},
  urldate = {2024-12-05},
}

@article{engelMeasurementEfficiency2004,
  title = {Measurement {{Efficiency}} and \$n\$-{{Shot Readout}} of {{Spin Qubits}}},
  author = {Engel, Hans-Andreas and Golovach, Vitaly N. and Loss, Daniel and Vandersypen, L. M. K. and Elzerman, J. M. and Hanson, R. and Kouwenhoven, L. P.},
  year = {2004},
  month = sep,
  journal = {Physical Review Letters},
  volume = {93},
  number = {10},
  pages = {106804},
  publisher = {American Physical Society},
  doi = {10.1103/PhysRevLett.93.106804},
  urldate = {2025-04-10},
}

@article{bellsocks1981,
  title = {{{Bertlmann}}'{{s Socks and the Nature of Reality}}},
  author = {Bell, J. S.},
  year = {1981},
  month = mar,
  journal = {Le Journal de Physique Colloques},
  volume = {42},
  number = {C2},
  pages = {C2-41-C2-62},
  issn = {0449-1947},
  doi = {10.1051/jphyscol:1981202},
  urldate = {2025-04-14},
}

@article{svenssonPedagogicalWeak2013,
  title = {Pedagogical {{Review}} of {{Quantum Measurement Theory}} with an {{Emphasis}} on {{Weak Measurements}}},
  author = {Svensson, Bengt E. Y.},
  year = {2013},
  month = may,
  journal = {Quanta},
  volume = {2},
  number = {1},
  pages = {18--49},
  issn = {1314-7374},
  doi = {10.12743/quanta.v2i1.12},
  urldate = {2025-03-20},
}
@book{vonNeumannFoundationsQuantum2018,
  title = {Mathematical {{Foundations}} of {{Quantum Mechanics}} },
  year = {Tue, 02/27/2018 - 12:00},
  author = {Von Neumann, John }, 
  urldate = {2025-04-14},
  publisher = {Princeton University Press},
  howpublished = {https://press.princeton.edu/books/hardcover/9780691178561/mathematical-foundations-of-quantum-mechanics},
  isbn = {9780691178561},
  langid = {english},
}

@misc{PreskillQuantum,
  title = {Ph219/{{CS219 Quantum Computation}}},
  author = {Preskill, John},
  urldate = {2025-04-16},
  year = {2020},
  month = {nov},
  howpublished = {http://theory.caltech.edu/{\textasciitilde}preskill/ph219/ph219\_2020-21.html},
}

@article{schrodingerQuantisierung1926,
  title = {Quantisierung Als {{Eigenwertproblem}}},
  author = {Schr{\"o}dinger, E.},
  year = {1926},
  journal = {Annalen der Physik},
  volume = {384},
  number = {6},
  pages = {489--527},
  issn = {1521-3889},
  doi = {10.1002/andp.19263840602},
  urldate = {2025-04-17},
  copyright = {Copyright {\copyright} 1926 WILEY-VCH Verlag GmbH \& Co. KGaA, Weinheim},
  langid = {english},
}

@incollection{heisenbergUeberQuanten1985,
  title = {{{\"U}ber quantentheoretische Umdeutung kinematischer und mechanischer Beziehungen}},
  booktitle = {{Original Scientific Papers Wissenschaftliche Originalarbeiten}},
  author = {Heisenberg, W.},
  editor = {Blum, Walter and Rechenberg, Helmut and D{\"u}rr, Hans-Peter},
  year = {1985},
  pages = {382--396},
  publisher = {Springer},
  address = {Berlin, Heidelberg},
  doi = {10.1007/978-3-642-61659-4_26},
  urldate = {2025-04-17},
  isbn = {978-3-642-61659-4},
  langid = {ngerman}
}

@article{tamirWeakMeasurements2013,
  title = {Introduction to {{Weak Measurements}} and {{Weak Values}}},
  author = {Tamir, Boaz and Cohen, Eliahu},
  year = {2013},
  month = may,
  journal = {Quanta},
  volume = {2},
  number = {1},
  pages = {7--17},
  issn = {1314-7374},
  doi = {10.12743/quanta.v2i1.14},
  urldate = {2025-03-20},
}

@incollection{wignerRemarksMindBodyQuestion1995,
  title = {Remarks on the {{Mind-Body Question}}},
  booktitle = {Philosophical {{Reflections}} and {{Syntheses}}},
  author = {Wigner, E. P.},
  editor = {Mehra, Jagdish},
  year = {1995},
  pages = {247--260},
  publisher = {Springer},
  address = {Berlin, Heidelberg},
  doi = {10.1007/978-3-642-78374-6_20},
  urldate = {2025-04-25},
  isbn = {978-3-642-78374-6},
  langid = {english}
}

@article{aharonovHowResultMeasurement1988,
  title = {How the Result of a Measurement of a Component of the Spin of a Spin-1/2 Particle Can Turn out to Be 100},
  author = {Aharonov, Yakir and Albert, David Z. and Vaidman, Lev},
  year = {1988},
  month = apr,
  journal = {Physical Review Letters},
  volume = {60},
  number = {14},
  pages = {1351--1354},
  publisher = {American Physical Society},
  doi = {10.1103/PhysRevLett.60.1351},
  urldate = {2025-04-23},
}

@article{lundeenDirectMeasurementQuantum2011,
  title = {Direct Measurement of the Quantum Wavefunction},
  author = {Lundeen, Jeff S. and Sutherland, Brandon and Patel, Aabid and Stewart, Corey and Bamber, Charles},
  year = {2011},
  month = jun,
  journal = {Nature},
  volume = {474},
  number = {7350},
  pages = {188--191},
  publisher = {Nature Publishing Group},
  issn = {1476-4687},
  doi = {10.1038/nature10120},
  urldate = {2025-04-25},
}

@article{alonsoQuantumAveragesWeak2005,
  title = {Quantum Averages of Weak Values},
  author = {Aharonov, Yakir and Botero, Alonso},
  year = {2005},
  month = nov,
  journal = {Physical Review A},
  volume = {72},
  number = {5},
  pages = {052111},
  publisher = {American Physical Society},
  doi = {10.1103/PhysRevA.72.052111},
  urldate = {2025-04-23},
}

@book{shankarQuantumMechanics1994,
  title = {Principles of {{Quantum Mechanics}}},
  author = {Shankar, R.},
  year = {1994},
  publisher = {Springer US},
  address = {New York, NY},
  doi = {10.1007/978-1-4757-0576-8},
  urldate = {2025-04-26},
  copyright = {https://www.springernature.com/gp/researchers/text-and-data-mining},
  isbn = {978-1-4757-0578-2 978-1-4757-0576-8},
  langid = {english},
}